@book{sachdev2007quantum,
	title={Quantum phase transitions},
	author={Sachdev, Subir},
	year={2007},
	publisher={Wiley Online Library}
}

@article{quan2006decay,
	title={Decay of loschmidt echo enhanced by quantum criticality},
	author={Quan, HT and Song, Z and Liu, XF and Zanardi, P and Sun, CP},
	journal={Physical review letters},
	volume={96},
	number={14},
	pages={140604},
	year={2006},
	publisher={APS}
} 

@article{haikka2012non,
	title={Non-Markovianity, Loschmidt echo, and criticality: A unified picture},
	author={Haikka, Pinja and Goold, John and McEndoo, Suzanne and Plastina, Francesco and Maniscalco, Sabrina},
	journal={Physical Review A},
	volume={85},
	number={6},
	pages={060101},
	year={2012},
	publisher={APS}
}

@article{breuer2012foundations,
	title={Foundations and measures of quantum non-Markovianity},
	author={Breuer, Heinz-Peter},
	journal={Journal of Physics B: Atomic, Molecular and Optical Physics},
	volume={45},
	number={15},
	pages={154001},
	year={2012},
	publisher={IOP Publishing}
}

@article{breuer2015non,
	title={Non-Markovian dynamics in open quantum systems},
	author={Breuer, Heinz-Peter and Laine, Elsi-Mari and Piilo, Jyrki and Vacchini, Bassano},
	journal={arXiv preprint arXiv:1505.01385},
	year={2015}
}

@misc{Theo4,
	author = {Buchleitner, Andreas},
	title = {Lecture notes on theoretical physics 5: Quantum mechanics},
	date = {2014},
}

@article{gorin2004decoherence,
	title={Decoherence alias Loschmidt echo of the environment},
	author={Gorin, T and Prosen, T and Seligman, TH and Strunz, WT},
	journal={arXiv preprint quant-ph/0405011},
	year={2004}
}

@article{rivas2010entanglement,
	title={Entanglement and non-Markovianity of quantum evolutions},
	author={Rivas, {\'A}ngel and Huelga, Susana F and Plenio, Martin B},
	journal={Physical review letters},
	volume={105},
	number={5},
	pages={050403},
	year={2010},
	publisher={APS}
}

@article{wissmann2012optimal,
	title={Optimal state pairs for non-Markovian quantum dynamics},
	author={Wi{\ss}mann, Steffen and Karlsson, Antti and Laine, Elsi-Mari and Piilo, Jyrki and Breuer, Heinz-Peter},
	journal={Physical Review A},
	volume={86},
	number={6},
	pages={062108},
	year={2012},
	publisher={APS}
}

@article{chruscinski2011measures,
	title={On measures of non-Markovianity: divisibility vs. backflow of information},
	author={Chru{\'s}ci{\'n}ski, Dariusz and Kossakowski, Andrzej and Rivas, {\'A}ngel},
	journal={arXiv preprint arXiv:1102.4318},
	year={2011}
}

@article{goussev2012loschmidt,
	title={Loschmidt echo},
	author={Goussev, Arseni and Jalabert, Rodolfo A and Pastawski, Horacio M and Wisniacki, Diego Ariel},
	journal={Scholarpedia},
	volume={7},
	number={8},
	pages={11687},
	year={2012}
}

@misc{Theo5,
	author = {Blumen, Alexander},
	title = {Lecture notes on theoretical physics 5: statistical physics},
	date = {2014},
}

@article{haikka2014non,
	title={Non-Markovian quantum probes},
	author={Haikka, Pinja and Maniscalco, Sabrina},
	journal={Open Systems \& Information Dynamics},
	volume={21},
	number={01n02},
	pages={1440005},
	year={2014},
	publisher={World Scientific}
}
@misc{CMPhysics,
	author = {Henley, Christopher L.},
	title = {Lecture notes on theoretical Condensed Matter Physics},
}
@article{lieb1961two,
	title={Two soluble models of an antiferromagnetic chain},
	author={Lieb, Elliott and Schultz, Theodore and Mattis, Daniel},
	journal={Annals of Physics},
	volume={16},
	number={3},
	pages={407--466},
	year={1961},
	publisher={Elsevier}
}

@incollection{jordan1993paulische,
	title={{\"u}ber das paulische {\"a}quivalenzverbot},
	author={Jordan, Pascual and Wigner, Eugene Paul},
	booktitle={The Collected Works of Eugene Paul Wigner},
	pages={109--129},
	year={1993},
	publisher={Springer}
}

@article{chruscinski2010long,
	title={Long-time memory in non-Markovian evolutions},
	author={Chru{\'s}ci{\'n}ski, Dariusz and Kossakowski, Andrzej and Pascazio, Saverio},
	journal={Physical Review A},
	volume={81},
	number={3},
	pages={032101},
	year={2010},
	publisher={APS}
}

@book{breuer2002theory,
	title={The theory of open quantum systems},
	author={Breuer, Heinz-Peter and Petruccione, Francesco},
	year={2002},
	publisher={Oxford university press}
}

@article{lai2006knight,
	title={Knight-field-enabled nuclear spin polarization in single quantum dots},
	author={Lai, CW and Maletinsky, P and Badolato, A and Imamoglu, A},
	journal={Physical review letters},
	volume={96},
	number={16},
	pages={167403},
	year={2006},
	publisher={APS}
}

@article{plenio1998quantum,
	title={The quantum-jump approach to dissipative dynamics in quantum optics},
	author={Plenio, MB and Knight, PL},
	journal={Reviews of Modern Physics},
	volume={70},
	number={1},
	pages={101},
	year={1998},
	publisher={APS}
}

@article{hahn1950spin,
	title={Spin echoes},
	author={Hahn, Erwin L},
	journal={Physical review},
	volume={80},
	number={4},
	pages={580},
	year={1950},
	publisher={APS}
}

@article{rhim1970violation,
	title={Violation of the spin-temperature hypothesis},
	author={Rhim, W-K and Pines, Alexander and Waugh, John S},
	journal={Physical Review Letters},
	volume={25},
	number={4},
	pages={218},
	year={1970},
	publisher={APS}
}

@book{barnett2009quantum,
	title={Quantum information},
	author={Barnett, Stephen},
	volume={16},
	year={2009},
	publisher={Oxford University Press}
}

@article{choi2000completely,
	title={Completely positive linear maps on complex matrices},
	author={Choi, Man-Duen},
	journal={Quantum Computation and Quantum Information Theory: Reprint Volume with Introductory Notes for ISI TMR Network School, 12-23 July 1999, Villa Gualino, Torino, Italy},
	volume={10},
	pages={174},
	year={2000},
	publisher={World Scientific}
}


@article{kaluza1921unitatsproblem,
  title={Zum unit{\"a}tsproblem der physik},
  author={Kaluza, Theodor},
  journal={Sitzungsber. Preuss. Akad. Wiss. Berlin.(Math. Phys.)},
  volume={1921},
  number={966972},
  pages={45},
  year={1921}
}

@article{witten1981search,
  title={Search for a realistic Kaluza-Klein theory},
  author={Witten, Edward},
  journal={Nuclear Physics B},
  volume={186},
  number={3},
  pages={412--428},
  year={1981},
  publisher={Elsevier}
}

@book{carroll2004spacetime,
  title={Spacetime and geometry. An introduction to general relativity},
  author={Carroll, Sean M},
  volume={1},
  year={2004},
  publisher={Addison-Wesley}
}

@article{darabi20095d,
  title={A 5D noncompact and non Ricci flat Kaluza--Klein Cosmology},
  author={Darabi, F},
  journal={General Relativity and Gravitation},
  volume={41},
  number={3},
  pages={497--504},
  year={2009},
  publisher={Springer}
}
@book{misner1973gravitation,
  title={Gravitation},
  author={Misner, Charles W and Thorne, Kip S and Wheeler, John Archibald},
  year={1973},
  publisher={Macmillan}
}

@article{nordstrom1914moglichkeit,
  title={{\"U}ber die M{\"o}glichkeit, das elektromagnetische Feld und das Gravitationsfeld zu vereinigen},
  author={Nordstr{\"o}m, Gunnar},
  journal={Physikalische Zeitschrift},
  pages={504-506},
  year={1914}
}

@article{weyl1918gravitation,
  title={Gravitation und elektrizit{\"a}t},
  author={Weyl, Hermann},
  journal={Sitzungsberichte der K{\"o}niglich Preu{\ss}ischen Akademie der Wissenschaften (Berlin), Seite 465-478},
  volume={1},
  pages={465--478},
  year={1918}
}

@article{goenner2004history,
  title={On the history of unified field theories},
  author={Goenner, Hubert FM},
  journal={Living Reviews in Relativity},
  volume={7},
  number={2},
  pages={1830--1923},
  year={2004}
}

@book{o1983semi,
  title={Semi-Riemannian Geometry With Applications to Relativity, 103},
  author={O'neill, Barrett},
  volume={103},
  year={1983},
  publisher={Academic press}
}

@article{baum2009eichfeldtheorie,
  title={Eichfeldtheorie},
  author={Baum, Helga},
  journal={Eichfeldtheorie, by, ISBN 978-3-540-38292-8. Springer-Verlag Berlin Heidelberg, 2009, p.},
  volume={1},
  year={2009},
  publisher={Springer}
}

@book{wesson2007space,
  title={Space-time-matter: modern higher-dimensional cosmology},
  author={Wesson, Paul S},
  volume={3},
  year={2007},
  publisher={World Scientific}
}

@article{bailin1987kaluza,
  title={Kaluza-klein theories},
  author={Bailin, David and Love, Alex},
  journal={Reports on Progress in Physics},
  volume={50},
  number={9},
  pages={1087},
  year={1987},
  publisher={IOP Publishing}
}

@article{overduin1997kaluza,
  title={Kaluza-klein gravity},
  author={Overduin, James Martin and Wesson, Paul S},
  journal={Physics Reports},
  volume={283},
  number={5},
  pages={303--378},
  year={1997},
  publisher={Elsevier}
}

@article{kheyfets1989internal,
  title={Internal consistency of Kaluza-Klein theories},
  author={Kheyfets, A and Norris, LK and Qadir, A},
  journal={Il Nuovo Cimento A},
  volume={101},
  number={3},
  pages={367--383},
  year={1989},
  publisher={Springer}
}

@article{duff1994kaluza,
  title={Kaluza-Klein theory in perspective},
  author={Duff, Michael J},
  journal={arXiv preprint hep-th/9410046},
  year={1994}
}

@article{straub2014kaluza,
  title={Kaluza-Klein for Kids},
  author={Straub, William O},
  year={2014}
}

@article{o1998early,
  title={Early history of gauge theories and Kaluza-Klein theories, with a glance at recent developments},
  author={O'Raifeartaigh, Lochlain and Straumann, Norbert},
  journal={arXiv preprint hep-ph/9810524},
  year={1998}
}

@article{bernhardt2009kompakte,
  title={Kompakte Sterne in der Branenwelt},
  author={Bernhardt, Mike Georg},
  year={2009}
}

@book{wald2010general,
  title={General relativity},
  author={Wald, Robert M},
  year={2010},
  publisher={University of Chicago press}
}

@article{williams2015field,
  title={Field Equations and Lagrangian for the Kaluza Metric Evaluated with Tensor Algebra Software},
  author={Williams, LL},
  journal={Journal of Gravity},
  volume={2015},
  year={2015},
  publisher={Hindawi Publishing Corporation}
}

@article{coquereaux1983geometry,
  title={Geometry of multidimensional universes},
  author={Coquereaux, Robert and Jadczyk, A},
  journal={Communications in Mathematical Physics},
  volume={90},
  number={1},
  pages={79--100},
  year={1983},
  publisher={Springer}
}

@article{Coquereaux:1990qs,
      author         = "Coquereaux, Robert and Esposito-Farese, Gilles",
      title          = "{The Theory of Kaluza-Klein-Jordan-Thiry revisited}",
      journal        = "Annales Poincare Phys. Theor.",
      volume         = "52",
      year           = "1990",
      pages          = "113-150",
      SLACcitation   = "%%CITATION = AHPAA,52,113;%%"
}

@book{abraham1978foundations,
  title={Foundations of mechanics},
  author={Abraham, Ralph and Marsden, Jerrold E and Marsden, Jerrold E},
  year={1978},
  publisher={Benjamin/Cummings Publishing Company Reading, Massachusetts}
}